@UNPUBLISHED{ifmr2014,
  author = {Scott C. Livingston},
  title = {Introduction to Formal Methods in Robotics},
  year = {2014},
  month = {September},
}