@InProceedings{	  alurdi2003,
  title		= {Counter-Example Guided Predicate Abstraction of Hybrid Systems},
  author	= {Rajeev Alur and Thao Dang and Franjo Ivan\u{c}i\'c},
  booktitle	= {Proceedings of TACAS},
  year		= {2003},
}

@Article{	  alurhlp2000,
  title		= {Discrete Abstractions of Hybrid Systems},
  author	= {Rajeev Alur and Thomas A. Henzinger and Gerardo Lafferriere and George J. Pappas},
  journal	= {Proceedings of the IEEE},
  year		= {2000},
  month		= {July},
  number	= {7},
  pages		= {971--984},
  volume	= {88},
}

@Book{		  baier2008,
  title		= {Principles of Model Checking},
  author	= {Christel Baier and Joost-Pieter Katoen},
  publisher	= {MIT Press},
  year		= {2008}
}

@Article{	  bloemjpps2012,
  title		= {Synthesis of Reactive(1) designs},
  author	= {Roderick Bloem and Barbara Jobstmann and Nir Piterman and Amir Pnueli and Yaniv Sa'ar},
  journal	= {Journal of Computer and System Sciences},
  year		= {2012},
  month		= {May},
  pages		= {911--938},
  volume	= {78},
  doi		= {10.1016/j.jcss.2011.08.007},
  issue		= {3}
}

@PhDThesis{	  branicky1995b,
  title		= {Studies in Hybrid Systems: Modeling, Analysis, and Control},
  author	= {Michael S. Branicky},
  school	= {Massachusetts Institute of Technology},
  year		= {1995},
  month		= {June},
}

@InProceedings{	  church1962,
  title		= {Logic, Arithmetic, and Automata},
  author	= {Alonzo Church},
  booktitle	= {Proceedings of the International Congress of Mathematicians},
  year		= {1962},
  address	= {Stockholm},
  month		= {August},
  pages		= {23--35},
  day		= {15-22},
}

@InProceedings{	  conner2006,
  title		= {Towards Provable Navigation and Control of Nonholonomically Constrained Convex-Bodied Systems},
  author	= {David C. Conner and Howie Choset and Alfred A. Rizzi},
  booktitle	= {Proceedings of the 2006 IEEE International Conference on Robotics and Automation},
  year		= {2006},
  address	= {Orlando, Florida, USA},
  month		= {May},
  pages		= {4416--4418},
}

@InProceedings{	  ehlers2011,
  title		= {Generalized Rabin(1) Synthesis with Applications to Robust System Synthesis},
  author	= {R{\"u}diger Ehlers},
  booktitle	= {Proceedings of NASA Formal Methods Symposium},
  year		= {2011},
  note		= {also arXiv:1003.1684v2},
  url		= {http://arxiv.org/abs/1003.1684v2}
}

@InBook{	  emerson1990,
  title		= {Handbook of theoretical computer science (vol. B): formal models and semantics},
  author	= {E. Allen Emerson},
  chapter	= {Temporal and modal logic},
  pages		= {995--1072},
  publisher	= {MIT Press},
  year		= {1990},
}

@Book{		  ginzburg1968,
  title		= {Algebraic Theory of Automata},
  author	= {Abraham Ginzburg},
  publisher	= {New York, Academic Press},
  year		= {1968},
  note		= {ACM monograph series}
}

@Book{		  gradel2002,
  title		= {Automata, Logics, and Infinite Games: A Guide to Current Research},
  author	= {Erich Gr\"adel and Wolfgang Thomas and Thomas Wilke},
  publisher	= {Springer},
  year		= {2002},
  series	= {Lecture Notes in Computer Science},
  volume	= {2500},
  doi		= {10.1007/3-540-36387-4}
}

@Article{	  holzerk2011,
  title		= {Descriptional and computational complexity of finite automata -- A Survey},
  author	= {Markus Holzer and Martin Kutrib},
  journal	= {Information and Computation},
  year		= {2011},
  pages		= {456--470},
  volume	= {209},
  doi		= {10.1016/j.ic.2010.11.013},
}

@Book{		  hopcroft1979,
  title		= {Introduction to Automata Theory, Languages, and Computation},
  author	= {John E. Hopcroft and Jeffrey D. Ullman},
  publisher	= {Addison-Wesley},
  year		= {1979}
}

@Article{	  kestenpp2005,
  title		= {Bridging the gap between fair simulation and trace inclusion},
  author	= {Yonit Kesten and Nir Piterman and Amir Pnueli},
  journal	= {Information and Computation},
  year		= {2005},
  pages		= {35--61},
  volume	= {200},
  doi		= {10.1016/j.ic.2005.01.006},
  publisher	= {Elsevier}
}

@Article{	  lamport1994,
  title		= {The Temporal Logic of Actions},
  author	= {Leslie Lamport},
  journal	= {ACM Transactions on Programming Languages and Systems},
  year		= {1994},
  month		= {May},
  number	= {3},
  pages		= {872--923},
  volume	= {16},
}

@Book{		  lavalle2006,
  title		= {Planning Algorithms},
  author	= {Steven M. LaValle},
  publisher	= {Cambridge University Press},
  year		= {2006},
  url		= {http://planning.cs.uiuc.edu/}
}

@Article{	  pappasls2000,
  title		= {Hierarchically Consistent Control Systems},
  author	= {George J. Pappas and Gerardo Lafferriere and Shankar Sastry},
  journal	= {IEEE Transactions on Automatic Control},
  year		= {2000},
  month		= {June},
  number	= {6},
  pages		= {1144--1160},
  volume	= {45},
}

@InBook{	  pattis,
  author	= {Richard E. Pattis},
  chapter	= {Chapter 2: EBNF: A Notation to Describe Syntax},
  pages		= {5--25},
  note		= {Extended Backus-Naur Form},
  url		= {http://www.cs.cmu.edu/~pattis/misc/ebnf.pdf}
}

@InProceedings{	  pnueli1977,
  title		= {The temporal logic of programs},
  author	= {Amir Pnueli},
  booktitle	= {18th Annual Symposium on Foundations of Computer Science (FOCS)},
  year		= {1977},
  month		= {November},
  pages		= {46--57},
  doi		= {10.1109/SFCS.1977.32},
}

@InProceedings{	  pnuelir1989,
  title		= {On the synthesis of a reactive module},
  author	= {Amir Pnueli and Roni Rosner},
  booktitle	= {Proceedings of the 16th ACM SIGPLAN-SIGACT Symposium on Principles of Programming Languages},
  year		= {1989},
  address	= {New York, NY, USA},
  pages		= {179--190},
  publisher	= {ACM},
  series	= {POPL '89},
  acmid		= {75293},
  doi		= {http://doi.acm.org/10.1145/75277.75293},
  isbn		= {0-89791-294-2},
  numpages	= {12}
}

@InProceedings{	  safra1988,
  title		= {On The Complexity of $\omega$-Automata},
  author	= {Shmuel Safra},
  booktitle	= {Foundations of Computer Science, 1988., 29th Annual Symposium on},
  year		= {1988},
  pages		= {319--327},
  doi		= {10.1109/SFCS.1988.21948},
}

@Book{		  tabuada2009,
  title		= {Verification and Control of Hybrid Systems: A Symbolic Approach},
  author	= {Paulo Tabuada},
  publisher	= {Springer},
  year		= {2009}
}

@Article{	  wolper1983,
  title		= {Temporal Logic Can Be More Expressive},
  author	= {Pierre Wolper},
  journal	= {Information and Control},
  year		= {1983},
  pages		= {72--99},
  volume	= {56},
  doi		= {10.1016/S0019-9958(83)80051-5},
}
